<?xml version="1.0" encoding="utf-8"?>
<record xmlns="http://www.loc.gov/MARC21/slim" xmlns:xsi="http://www.w3.org/2001/XMLSchema-instance" xsi:schemaLocation="http://www.loc.gov/MARC21/slim http://www.loc.gov/standards/marcxml/schema/MARC21slim.xsd">
	<leader>     nam a22        4500</leader>
	<controlfield tag="001">3072712</controlfield>
	<controlfield tag="003">NNC</controlfield>
	<controlfield tag="006">m        d        </controlfield>
	<controlfield tag="007">cr cn |||m|||a</controlfield>
	<controlfield tag="008">150603s1951    iq h    ob    000 0 arar </controlfield>
	<datafield ind1=" " ind2=" " tag="040">
		<subfield code="a">NNU</subfield>
		<subfield code="b">eng</subfield>
		<subfield code="e">rda</subfield>
		<subfield code="c">NNU</subfield>
	</datafield>
	<datafield ind1=" " ind2=" " tag="043">
		<subfield code="a">aw-----</subfield>
	</datafield>
	<datafield ind1="0" ind2="0" tag="050">
		<subfield code="a">BX385.A1</subfield>
		<subfield code="b">S5 1951</subfield>
	</datafield>
	<datafield ind1="1" ind2=" " tag="100">
		<subfield code="a">Shābūshtī, ʻAlī ibn Muḥammad Abū al-Ḥasan,</subfield>
		<subfield code="d">-1000.</subfield>
	</datafield>
	<datafield ind1="1" ind2="3" tag="245">
		<subfield code="6">880-01</subfield>
		<subfield code="a">al-Diyārāt,</subfield>
		<subfield code="c">taʼlīf Abī al-Ḥasan ʻAlī ibn Muḥammad al-Maʻrūf bi-al-Shābushtī. ʻAná bi-taḥqiqihi wa-nashrihi Kūrkīs ʻAwwād.</subfield>
	</datafield>
	<datafield ind1=" " ind2=" " tag="260">
		<subfield code="6">880-02</subfield>
		<subfield code="a">Baghdād :</subfield>
		<subfield code="b">Maṭbaʻat al-Maʻārif,</subfield>
		<subfield code="c">[1951]</subfield>
	</datafield>
	<datafield ind1=" " ind2=" " tag="300">
		<subfield code="a">online resource (34, 335 pages) :</subfield>
		<subfield code="b">facsimile</subfield>
	</datafield>
	<datafield ind1=" " ind2=" " tag="336">
		<subfield code="a">text</subfield>
		<subfield code="2">rdacontent</subfield>
	</datafield>
	<datafield ind1=" " ind2=" " tag="337">
		<subfield code="a">computer</subfield>
		<subfield code="2">rdamedia</subfield>
	</datafield>
	<datafield ind1=" " ind2=" " tag="338">
		<subfield code="a">online resource</subfield>
		<subfield code="2">rdacarrier</subfield>
	</datafield>
	<datafield ind1=" " ind2=" " tag="500">
		<subfield code="a">Added t.p.: Kitab al-diyarat; or, The book of monasteries, by Abi al-Hasan ʻAli ibn Muhammad al-Shabushti, edited by Gurgis Awad.</subfield>
	</datafield>
	<datafield ind1=" " ind2=" " tag="500">
		<subfield code="a">Part of the Arabic Collections Online (ACO) project, contributed by Columbia University Libraries.</subfield>
	</datafield>
	<datafield ind1=" " ind2=" " tag="504">
		<subfield code="a">Includes bibliographical references (pages 306-315).</subfield>
	</datafield>
	<datafield ind1=" " ind2=" " tag="533">
		<subfield code="a">Electronic reproduction.</subfield>
		<subfield code="b">New York, N.Y. :</subfield>
		<subfield code="c">New York University,</subfield>
		<subfield code="d">2015.</subfield>
		<subfield code="5">NNU</subfield>
	</datafield>
	<datafield ind1=" " ind2="0" tag="650">
		<subfield code="a">Monasteries</subfield>
		<subfield code="z">Middle East.</subfield>
	</datafield>
	<datafield ind1=" " ind2="7" tag="650">
		<subfield code="a">Monasteries.</subfield>
		<subfield code="2">fast</subfield>
		<subfield code="0">(OCoLC)fst01025070</subfield>
	</datafield>
	<datafield ind1=" " ind2="7" tag="651">
		<subfield code="a">Middle East.</subfield>
		<subfield code="2">fast</subfield>
		<subfield code="0">(OCoLC)fst01241586</subfield>
	</datafield>
	<datafield ind1="1" ind2=" " tag="700">
		<subfield code="6">880-03</subfield>
		<subfield code="a">ʻAwwād, Kūrkīs.</subfield>
	</datafield>
	<datafield ind1="2" ind2=" " tag="710">
		<subfield code="a">Columbia University.</subfield>
		<subfield code="b">Libraries.</subfield>
	</datafield>
	<datafield ind1="0" ind2=" " tag="730">
		<subfield code="a">Arabic Collections Online.</subfield>
	</datafield>
	<datafield ind1="0" ind2="8" tag="776">
		<subfield code="i">Online version:</subfield>
		<subfield code="a">Shābūshtī, ʻAlī ibn Muḥammad Abū al-Ḥasan, -1000.</subfield>
		<subfield code="t">Diyārāt.</subfield>
		<subfield code="d">Baghdād, Maṭbaʻat al-Maʻārif, [1951]</subfield>
		<subfield code="w">(OCoLC)704348910</subfield>
	</datafield>
	<datafield ind1="0" ind2="8" tag="776">
		<subfield code="i">Print version:</subfield>
		<subfield code="a">Shābūshtī, ʻAlī ibn Muḥammad Abū al-Ḥasan, -1000.</subfield>
		<subfield code="t">al-Diyārāt</subfield>
		<subfield code="w">(NNC)3072712</subfield>
		<subfield code="w">(DLC)   60032292 </subfield>
		<subfield code="w">(OCoLC)21926872</subfield>
	</datafield>
	<datafield ind1="4" ind2="0" tag="856">
		<subfield code="u">http://hdl.handle.net/2333.1/bk3j9nt9</subfield>
	</datafield>
	<datafield ind1="1" ind2="3" tag="880">
		<subfield code="6">245-01/r</subfield>
		<subfield code="a">الديارات /</subfield>
		<subfield code="c">تأليف ابي الحسن علي بن محمد المعروف بالشابشتي ؛ عنى بتحققه ونشره كوركيس عواد.</subfield>
	</datafield>
	<datafield ind1=" " ind2=" " tag="880">
		<subfield code="6">260-02/r</subfield>
		<subfield code="a">بغداد :</subfield>
		<subfield code="b">مطبعة المعارف،</subfield>
		<subfield code="c">1951.</subfield>
	</datafield>
	<datafield ind1="1" ind2=" " tag="880">
		<subfield code="6">700-03/r</subfield>
		<subfield code="a">عواد، كوركيس.</subfield>
	</datafield>
	<datafield ind1=" " ind2=" " tag="959">
		<subfield code="a">NNU</subfield>
		<subfield code="b">WEB</subfield>
		<subfield code="c">GENI</subfield>
		<subfield code="t">0</subfield>
		<subfield code="m">Electronic access</subfield>
		<subfield code="s">01</subfield>
	</datafield>
	<datafield ind1=" " ind2=" " tag="999">
		<subfield code="i">NNC_3072712</subfield>
		<subfield code="o">(OCoLC)ocm21926872 </subfield>
		<subfield code="s">columbia_aco000686</subfield>
		<subfield code="e">(ERROR-880)</subfield>
	</datafield>
</record>
